@article{kuyperset,
  title={Set-Theoretic Paradoxes in $\lambda$U and $\lambda$U},
  author={Kuyper, Rutger}
}