@book{set1999,
  title={Introduction to Set Theory, Revised and Expanded},
  author={Hrbacek, Karel and Jech, Thomas},
  year={1999},
  publisher={CRC PRESS}
}