@article{clarke1964,
  title={Scheduling of Vehicles from a Central Depot to a Number of Delivery Points},
  author={Clarke, Geoff and Wright, John W},
  journal={Operations Research},
  volume={12},
  number={4},
  pages={568--581},
  year={1964},
  publisher={Informs}
}

@article{golden1984,
  title={The Fleet Size and Mix Vehicle Routing Problem},
  author={Golden, Bruce and Assad, Arjang and Levy, Larry and Gheysens, Filip},
  journal={Computers \& Operations Research},
  volume={11},
  number={1},
  pages={49--66},
  year={1984},
  publisher={Elsevier}
}

@article{caccetta2013,
  title={An Improved Clarke and Wright Algorithm to Solve the Capacitated Vehicle Routing Problem},
  author={Caccetta, Louis and Alameen, Mamoon and Abdul-Niby, Mohammed},
  journal={Engineering, Technology \& Applied Science Research},
  volume={3},
  number={2},
  pages={413--415},
  year={2013}
}

@article{renaud2002,
  title={A Sweep-based Algorithm for the Fleet Size and Mix Vehicle Routing Problem},
  author={Renaud, Jacques and Boctor, Fayez F},
  journal={European Journal of Operational Research},
  volume={140},
  number={3},
  pages={618--628},
  year={2002},
  publisher={Elsevier}
}