@Manual{reglamento2017,
  Title                    = {Reglamento de propiedad intelectual},
  Author                   = {{Universidad EAFIT}},
  Year                     = {2017}
}

@book{set1999,
  title={Introduction to Set Theory, Revised and Expanded},
  author={Hrbacek, Karel and Jech, Thomas},
  year={1999},
  publisher={CRC PRESS}
}

@book{martin1984,
  title={Intuitonistic Type Theory},
  author={Martin-L{\"o}f, Per},
  volume={9},
  year={1984},
  publisher={Bibliopolis Naples}
}

@book{tiles2004,
  title={The Philosophy of Set Theory: An Historical Introduction to Cantor's Paradise},
  author={Tiles, Mary},
  year={2004},
  publisher={Courier Corporation}
}

@article{koepke2005,
  title={Turing Computations on Ordinals},
  author={Koepke, Peter},
  journal={Bulletin of Symbolic Logic},
  volume={11},
  number={3},
  pages={377--397},
  year={2005},
  publisher={Cambridge University Press}
}

@incollection{van1967,
  title={On the Infinite},
  booktitle={Reprinted in: From Frege to G{\"o}del: A Source Book in Mathematical Logic, 1879-1931 (1967)},
  author={Hilbert, David},
  editor={van Heijenoort, Jean},
  volume={9},
  year={1925},
  pages={367-392},
  publisher={Harvard University Press}
}

@article{coquand1997,
  title={Ordinals in Type Theory},
  author={Coquand, Thierry and Hancock, Peter and Setzer, Anton},
  journal={Slides for a talk in CSL, August},
  year={1997}
}

@article{hancock2000,
  title={Ordinals and Interactive Programs},
  author={Hancock, Peter},
  year={2000},
  publisher={University of Edinburgh. College of Science and Engineering. School of~â€¦}
}

@article{forsberg2019,
  title={Ordinal Notations via Simultaneous Definitions},
  author={Forsberg, Fredrik Nordvall and Xu, Chuangjie},
  journal={arXiv preprint arXiv:1904.10759},
  year={2019}
}

@incollection{martin2001,
  title={A Construction of the Provable Wellorderings of the Theory of Species},
  author={Martin-L{\"o}f, Per},
  booktitle={Logic, Meaning and Computation},
  pages={343--351},
  year={2001},
  publisher={Springer}
}

@phdthesis{seyfferth2013,
  title={Three Models of Ordinal Computability},
  author={Seyfferth, Benjamin},
  year={2013},
  school={Universit{\"a}ts-und Landesbibliothek Bonn}
}

@inproceedings{rathjen2006,
  title={The Art of Ordinal Analysis},
  author={Rathjen, Michael},
  booktitle={Proceedings of the International Congress of Mathematicians},
  volume={2},
  pages={45--69},
  year={2006}
}

@article{veblen1908,
  title={Continuous Increasing Functions of Finite and Transfinite Ordinals},
  author={Veblen, Oswald},
  journal={Transactions of the American Mathematical Society},
  volume={9},
  number={3},
  pages={280--292},
  year={1908},
  publisher={American Mathematical Society}
}

@article{hardy1904,
  title={A Theorem Concerning the Infinite Cardinal Numbers},
  author={Hardy, Godfrey H},
  journal={Quarterly Journal of Mathematics},
  volume={35},
  pages={87--94},
  year={1904}
}