% alpha-a
@article{ackermann1928,
  title={Zum Hilbertschen Aufbau der Reellen Zahlen},
  author={Ackermann, Wilhelm},
  journal={Mathematische Annalen},
  volume={99},
  number={1},
  pages={118--133},
  year={1928},
  publisher={Springer-Verlag}
}

% alpha-b
@book{barendregt2004,
  title={The Lambda Calculus: Its Syntax and Semantics.},
  author={Barendregt, Hendrik Pieter},
  journal={Studies in Logic and the Foundations of Mathematics},
  year={2004}
}

@article{bentley1992,
  title={Fast Algorithms for Geometric Traveling Salesman Problems},
  author={Bentley, Jon Jouis},
  journal={ORSA Journal on computing},
  volume={4},
  number={4},
  pages={387--411},
  year={1992},
  publisher={INFORMS}
}

@misc{binato2001,
  title={A Greedy Randomized Adaptive Search Procedure for Job Shop Scheduling},
  author={Binato, S and Hery, WJ and Loewenstern, D and Resende, MAURICIO GC},
  journal={Essays and surveys on metaheuristics},
  pages={58--79},
  year={2001},
  publisher={Kluwer Academic Publishers}
}

% alpha-c
@article{church1936,
  title={An Unsolvable Problem of Elementary Number Theory},
  author={Church, Alonzo},
  journal={American Journal of Mathematics},
  volume={58},
  number={2},
  pages={345--363},
  year={1936},
  publisher={JSTOR}
}

@article{church1937,
  title={Formal Definitions in the Theory of Ordinal Numbers},
  author={Church, Alonzo and Kleene},
  volume={28},
  journal={Fundamenta Mathematicae},
  year={1937},
  pages={11--21}
}

@article{clarke1964,
  title={Scheduling of Vehicles from a Central Depot to a Number of Delivery Points},
  author={Clarke, Geoff and Wright, John W},
  journal={Operations Research},
  volume={12},
  number={4},
  pages={568--581},
  year={1964},
  publisher={INFORMS}
}

@article{coquand1997,
  title={Ordinals in Type Theory},
  author={Coquand, Thierry and Hancock, Peter and Setzer, Anton},
  journal={Slides for a talk in CSL, August},
  year={1997}
}

@article{croes1958,
  title={A Method for Solving Traveling-Salesman Problems},
  author={Croes, Georges A},
  journal={Operations research},
  volume={6},
  number={6},
  pages={791--812},
  year={1958},
  publisher={INFORMS}
}

% alpha-d
@inproceedings{dershowitz1993,
  title={Trees, Ordinals and Termination},
  author={Dershowitz, Nachum},
  booktitle={Colloquium on Trees in Algebra and Programming},
  pages={243--250},
  year={1993},
  organization={Springer}
}

% alpha-e
@article{etesi2002,
  title={Non-Turing Computations via Malament--Hogarth Space-Times},
  author={Etesi, G{\'a}bor and N{\'e}meti, Istv{\'a}n},
  journal={International Journal of Theoretical Physics},
  volume={41},
  number={2},
  pages={341--370},
  year={2002},
  publisher={Springer}
}

% alpha-f
@article{forsberg2019,
  title={Ordinal Notations via Simultaneous Definitions},
  author={Forsberg, Fredrik Nordvall and Xu, Chuangjie},
  journal={arXiv preprint arXiv:1904.10759},
  year={2019}
}

% alpha-g
@article{gentzen1936,
  title={Die Widerspruchsfreiheit der Reinen Zahlentheorie},
  author={Gentzen, Gerhard},
  journal={Mathematische Annalen},
  volume={112},
  number={1},
  pages={493--565},
  year={1936},
  publisher={Springer}
}

@article{glover1977,
  title={Heuristics for Integer Programming using Surrogate Constraints},
  author={Glover, Fred},
  journal={Decision sciences},
  volume={8},
  number={1},
  pages={156--166},
  year={1977},
  publisher={Wiley Online Library}
}

@article{godel1931,
  title={{\"U}ber Formal Unentscheidbare S{\"a}tze der Principia Mathematica und Verwandter Systeme I},
  author={G{\"o}del, Kurt},
  journal={Monatshefte f{\"u}r Mathematik und Physik},
  volume={38},
  number={1},
  pages={173--198},
  year={1931},
  publisher={Springer}
}

@article{goldberg2000,
  title={An Introduction to the Lambda Calculus},
  author={Goldberg, Mayer},
  journal={Course Notes. Ben-Gurion University},
  year={2000}
}

% alpha-h
@article{hancock2000,
  title={Ordinals and Interactive Programs},
  author={Hancock, Peter},
  year={2000},
  publisher={University of Edinburgh. College of Science and Engineering. School of~â€¦}
}

@misc{hancock2008,
  title={(Ordinal-Theoretic) Proof Theory.          Notes of ordinal-based proof
         theory course.},
  author={Hancock, Peter},
  year={2008},
}

@book{harary1969,
  title={Graph Theory},
  author={Harary, Frank},
  year={1969},
  publisher={Narosa Publishing House}
}

@article{hardy1904,
  title={A Theorem Concerning the Infinite Cardinal Numbers},
  author={Hardy, Godfrey H.},
  journal={Quarterly Journal of Mathematics},
  volume={35},
  pages={87--94},
  year={1904}
}

@book{hopcroft2001,
  title={Introduction to Automata Theory, Languages, and Computation},
  author={Hopcroft, John E and Motwani, Rajeev and Ullman, Jeffrey D},
  publisher={Addison-Wesley},
  year={2001},
  edition={third}
}

% alpha-j
@misc{jacques2018,
  title={A Tutorial Overview of Ordinal Notations},
  author={Bailhache, Jacques},
  year={2018},
}

% alpha-k
@article{kieu2002,
  title={Quantum Hypercomputation},
  author={Kieu, Tien D},
  journal={Minds and Machines},
  volume={12},
  number={4},
  pages={541--561},
  year={2002},
  publisher={Springer}
}

@article{koepke2005,
  title={Turing Computations on Ordinals},
  author={Koepke, Peter},
  journal={Bulletin of Symbolic Logic},
  volume={11},
  number={3},
  pages={377--397},
  year={2005},
  publisher={Cambridge University Press}
}

% alpha-l
@book{lipovaca2011,
  title={Learn You a Haskell for Great good!: A Beginner's Guide},
  author={Lipovaca, Miran},
  year={2011},
  publisher={No Starch Press}
}

% alpha-m
@book{martin1984,
  title={Intuitonistic Type Theory},
  author={Martin-L{\"o}f, Per},
  year={1984},
  publisher={Bibliopolis}
}

@incollection{martin2001,
  title={A Construction of the Provable Wellorderings of the Theory of Species},
  author={Martin-L{\"o}f, Per},
  booktitle={Logic, Meaning and Computation},
  pages={343--351},
  year={2001},
  publisher={Springer}
}

% alpha-n
@article{neumann1928,
  title={Die Axiomatisierung der Mengenlehre},
  author={von Neumann, J.},
  journal={Mathematische Zeitschrift},
  volume={27},
  number={1},
  pages={669--752},
  year={1928},
  publisher={Springer}
}

% alpha-r
@inproceedings{rathjen2006,
  title={The Art of Ordinal Analysis},
  author={Rathjen, Michael},
  booktitle={Proceedings of the International Congress of Mathematicians},
  volume={2},
  pages={45--69},
  year={2006}
}

@Manual{reglamento2017,
  Title                    = {Reglamento de Propiedad Intelectual},
  Author                   = {{Universidad EAFIT}},
  Year                     = {2017}
}

% alpha-s
@book{set1999,
  title={Introduction to Set Theory, Revised and Expanded},
  author={Hrbacek, Karel and Jech, Thomas},
  year={1999},
  publisher={CRC PRESS}
}

@phdthesis{seyfferth2013,
  title={Three Models of Ordinal Computability},
  author={Seyfferth, Benjamin},
  year={2013},
  school={Universit{\"a}ts-und Landesbibliothek Bonn}
}

% alpha-t
@article{teoh2015,
  title={Differential Evolution Algorithm with Local Search for
                  Capacitated Vehicle Routing Problem},
  author={Teoh, Boon Ean and Ponnambalam, Sivalinga Govinda and Kanagaraj, Ganesan},
  journal={International Journal of Bio-Inspired Computation},
  volume={7},
  number={5},
  pages={321--342},
  year={2015},
  publisher={Inderscience Publishers (IEL)}
}

@book{tiles2004,
  title={The Philosophy of Set Theory: An Historical Introduction to Cantor's Paradise},
  author={Tiles, Mary},
  year={2004},
  publisher={Courier Corporation}
}

@article{turing1936,
  title={On Computable Numbers, with an Application to the
         Entscheidungsproblem},
  author={Turing, Alan M.},
  journal={Proceedings of the London Mathematical Society},
  volume={2},
  number={1},
  pages={230--265},
  year={1936},
  publisher={Wiley Online Library}
}

@article{turing1937,
  title={Computability and $\lambda$-Definability},
  author={Turing, Alan M.},
  journal={The Journal of Symbolic Logic},
  volume={2},
  number={4},
  pages={153--163},
  year={1937},
  publisher={Cambridge University Press}
}

% alpha-v
@incollection{van1967,
  title={On the Infinite},
  booktitle={Reprinted in: From Frege to G{\"o}del: A Source Book in Mathematical Logic, 1879-1931 (1967)},
  author={Hilbert, David},
  editor={van Heijenoort, Jean},
  volume={9},
  year={1925},
  pages={367-392},
  publisher={Harvard University Press}
}

@article{veblen1908,
  title={Continuous Increasing Functions of Finite and Transfinite Ordinals},
  author={Veblen, Oswald},
  journal={Transactions of the American Mathematical Society},
  volume={9},
  pages={280--292},
  year={1908},
  publisher={American Mathematical Society}
}

% alpha-z
@article{zadeh1965,
  title={Fuzzy Sets},
  author={Zadeh, Lotfi A},
  journal={Information and Control},
  volume={8},
  number={3},
  pages={338--353},
  year={1965},
  publisher={Elsevier}
}
