@Manual{reglamento2017,
  Title                    = {Reglamento de propiedad intelectual},
  Author                   = {{Universidad EAFIT}},
  Year                     = {2017}
}
